@comment{
    Main BibTeX entry file for lectures/exercises/other LaTeX documents.
}
@article{kingma_ba_adam,
    title = {Adam: A Method for Stochastic Optimization}, 
    author = {Diederik P. Kingma and Jimmy Ba},
    year = {2017},
    journal = {arXiv:1412.6980 [cs.LG]}
}
@book{wasserman_stats,
    title = {All of Statistics: A Concise Course in Statistical Inference},
    author = {Larry Wasserman},
    year = {2004},
    publisher = {Springer Science and Business Media}
}
@book{judson_algebra,
    title = {Abstract Algebra: Theory and Applications},
    author = {Thomas W. Judson},
    note = {\url{http://abstract.ups.edu/download.html}},
    year = {2020},
    edition = {2020},
}
@misc{tamuz_prob,
    title = {Lecture Notes on Probability},
    author = {Omer Tamuz},
    note = {\url{http://tamuz.caltech.edu/teaching/ma144a/lectures.pdf}},
    year = {2018}
}
@book{jacob_linalg,
    title = {Linear Algebra},
    author = {Bill Jacob},
    year = {1990},
    publisher = {W.H. Freeman and Company}
}
@book{bv_convex_opt,
    title = {Convex Optimization},
    author = {Stephen Boyd and Lieven Vandenberghe},
    year = {2004},
    publisher = {Cambridge University Press}
}
@book{esl,
    title = {The Elements of Statistical Learning},
    author = {Trevor Hastie and Robert Tibshirani and Jerome Friedman},
    edition = {Second},
    year = {2009},
    publisher = {Springer Science and Business Media}
}
@misc{shalizi_wls,
    title = {Lecture 24-25: Weighted and Generalized Least Squares},
    author = {Cosma Shalizi},
    note = {\url{
https://www.stat.cmu.edu/~cshalizi/mreg/15/lectures/24/lecture-24--25.pdf
    }},
    year = {2015}
}
@book{bishop_ml,
    title = {Pattern Recognition and Machine Learning},
    author = {Christopher M. Bishop},
    year = {2006},
    publisher = {Springer Science and Business Media}
}
@book{nocedal_opt,
	title = {Numerical Optimization},
	author = {Jorge Nocedal and Stephen J. Wright},
	year = {2006},
	publisher={Springer Science and Business Media}
}