@comment{
    Main BibTeX entry file for lectures/exercises/other LaTeX documents.
}
@article{kingma_ba_adam,
      title = {Adam: A Method for Stochastic Optimization}, 
      author = {Diederik P. Kingma and Jimmy Ba},
      year = {2017},
      journal = {arXiV preprint arXiV:1412.6980},
      eprint = {1412.6980},
      archivePrefix = {arXiv},
      primaryClass = {cs.LG}
}
@book{wasserman,
    author = {Larry Wasserman},
    title = {All of Statistics: A Concise Course in Statistical Inference},
    publisher = {Springer Science & Business Media}
}